@misc{jwplayer,
title={JWPlayer},
howpublished={\url{http://www.longtailvideo.com/}},
}

@misc{flask,
title={Flask: A Python Microframework},
howpublished={\url{http://flask.pocoo.org/}},
}

@misc{jinja,
title={Jinja: The Python Template Engine},
howpublished={\url{http://jinja.pocoo.org/}},
}

@article{chausse,
author={Louis Chausse},
journal={Louis Chaussé SeeVibes Blog},
title={50 Apps that Socialize Your TV},
howpublished = {\url{http://blog.seevibes.com/social-tv-app/50-apps-that-socialize-your-tv/}},
}


@article{montpetit,
author={Montpetit, M.-J.},
title={Your Content, Your Networks, Your Devices: Social Networks Meet Your TV Experience},
journal={ACM Computers in Entertainment (CIE): TV and Video Entertainment Environments},
year={2009},
}

@article{su,
author={Xiaoyuan Su and Taghi M. Khoshgoftaar},
title={A Survey of Collaborative Filtering Techniques},
journal={Advances in Artificial Intelligence},
year={2009},
}

@article{papagelis,
title={Incremental Collaborative Filtering for HighlyScalable Recommendation Algorithms},
author={Manos Papagelis and Ioannis Rousidis and Dimitris Plexousakis and Elias Theoharopoulos},
journal={ISMI},
year={2005},
}

@article{vozalis,
title={Unison-CF: a multiple-component, adaptive collaborative ﬁltering system},
author={Manolis Vozalis and Konstantinos G. Margaritis},
year={2004},
howpublished={\url{http://users.uom.gr/~mans/papiria/voz-unison-ah2004.pdf}},
}

@article{melville,
journal={Proceedings of the Eighteenth National Conference on Artificial Intelligence},
month={July},
year={2002},
title={Content-Boosted Collaborative Filtering for Improved Recommendations},
author={Prem Melville and Raymond J. Mooney and Ramadass Nagarajan},
address={Edmonton, Canada},
}

@misc{rec,
title={Recommender Systems},
howpublished={\url{http://www.cis.upenn.edu/~ungar/CF/}},
}

@misc{grooveshark,
title={Grooveshark},
howpublished={\url{http://grooveshark.com/}},
}

@misc{spotify,
title={Spotify},
howpublished={\url{http://www.spotify.com/us/ipad/}},
}

@misc{pandora,
title={Pandora},
howpublished={\url{http://www.pandora.com/}},
}

CommenTV paper:  http://ieeexplore.ieee.org/stamp/stamp.jsp?arnumber=06181062


@article{scads,
  title={SCADS: Scale-independent storage for social computing applications},
  author={Armbrust, M. and Fox, A. and Patterson, D. and Lanham, N. and Trushkowsky, B. and Trutna, J. and Oh, H.},
  journal={Arxiv preprint arXiv:0909.1775},
  year={2009}
}

@article{spar,
  title={The little engine (s) that could: Scaling online social networks},
  author={Pujol, J.M. and Erramilli, V. and Siganos, G. and Yang, X. and Laoutaris, N. and Chhabra, P. and Rodriguez, P.},
  journal={ACM SIGCOMM Computer Communication Review},
  volume={40},
  number={4},
  pages={375--386},
  year={2010},
  publisher={ACM}
}


@inproceedings{azure,
  title={Adapting microsoft SQL server for cloud computing},
  author={Bernstein, P.A. and Cseri, I. and Dani, N. and Ellis, N. and Kalhan, A. and Kakivaya, G. and Lomet, D.B. and Manne, R. and Novik, L. and Talius, T.},
  booktitle={Data Engineering (ICDE), 2011 IEEE 27th International Conference on},
  pages={1255--1263},
  year={2011},
  organization={IEEE}
}

@article{megastore,
  title={Megastore: A scalable data system for user facing applications},
  author={Furman, J. and Karlsson, J.S. and Leon, J. and Lloyd, A. and Newman, S. and Zeyliger, P.},
  journal={Proceedings of the 2008 ACM SIGMOD International Conference on Management of Data},
  year={2008}
}


@article{graefe,
  title={Query evaluation techniques for large databases},
  author={Graefe, G.},
  journal={ACM Computing Surveys (CSUR)},
  volume={25},
  number={2},
  pages={73--169},
  year={1993},
  publisher={ACM}
}

@inproceedings{horizontalp,
  title={Horizontal data partitioning in database design},
  author={Ceri, S. and Negri, M. and Pelagatti, G.},
  booktitle={Proceedings of the 1982 ACM SIGMOD International Conference on Management of Data},
  pages={128--136},
  year={1982},
  organization={ACM}
}

@article{mirrors,
  title={A case for fractured mirrors},
  author={Ramamurthy, R. and DeWitt, D.J. and Su, Q.},
  journal={The International Journal on Very Large Data Bases},
  volume={12},
  number={2},
  pages={89--101},
  year={2003},
  publisher={Springer-Verlag New York, Inc.}
}

@article{dynamo,
  title={Dynamo: amazon's highly available key-value store},
  author={DeCandia, G. and Hastorun, D. and Jampani, M. and Kakulapati, G. and Lakshman, A. and Pilchin, A. and Sivasubramanian, S. and Vosshall, P. and Vogels, W.},
  journal={ACM SIGOPS Operating Systems Review},
  volume={41},
  number={6},
  pages={205--220},
  year={2007},
  publisher={ACM}
}

@article{kossman,
  title={The state of the art in distributed query processing},
  author={Kossmann, D.},
  journal={ACM Computing Surveys (CSUR)},
  volume={32},
  number={4},
  pages={422--469},
  year={2000},
  publisher={ACM}
}

@inproceedings{integrating,
  title={Integrating vertical and horizontal partitioning into automated physical database design},
  author={Agrawal, S. and Narasayya, V. and Yang, B.},
  booktitle={Proceedings of the 2004 ACM SIGMOD international conference on Management of data},
  pages={359--370},
  year={2004},
  organization={ACM}
}

@misc{wikidump,
  title={Wikipedia database dump},
  year={2008},
  howpublished = {\url{http://dumps.wikimedia.org/}},
}

@article{wikistats,
  title={Wikipedia workload analysis for decentralized hosting},
  author={Urdaneta, G. and Pierre, G. and Van Steen, M.},
  journal={Computer Networks},
  volume={53},
  number={11},
  pages={1830--1845},
  year={2009},
  publisher={Elsevier}
}

@inproceedings{consolidation,
  title={Workload-aware database monitoring and consolidation},
  author={Curino, C. and Jones, E.P.C. and Madden, S. and Balakrishnan, H.},
  booktitle={Proceedings of the 2011 International Conference on Management of Data},
  pages={313--324},
  year={2011},
  organization={ACM}
}

@inproceedings{ec2perf,
  title={EC2 performance analysis for resource provisioning of service-oriented applications},
  author={Dejun, J. and Pierre, G. and Chi, C.H.},
  booktitle={Proceedings of the 3rd Workshop on Non-Functional Properties and SLA Management in Service-Oriented Computing},
  year={2009},
  organization={Springer}
}


@inproceedings{apostate,
  title={Life beyond distributed transactions: an apostate’s opinion},
  author={Helland, P.},
  booktitle={Proc of CIDR},
  year={2007},
  month={January}
}

@inproceedings{scalingosn,
  title={Scaling online social networks without pains},
  author={Pujol, J.M. and Siganos, G. and Erramilli, V. and Rodriguez, P.},
  booktitle={Proceedings of NETDB},
  year={2009}
}

@INPROCEEDINGS{orchestra,
author={Taylor, N.E. and Ives, Z.G.}, 
booktitle={2010 IEEE 26th International Conference on Data Engineering}, title={Reliable storage and querying for collaborative data sharing systems}, 
year={2010}, 
month={march}, 
volume={}, 
number={}, 
pages={40 -51}, 
keywords={ORCHESTRA system;cloud DBMS;cloud services;collaborative data sharing systems;data exchange;data partitioning substrate;data transformation;database management systems;distributed DBMS;heterogeneous databases;indexing techniques;peer-to-peer architecture;query processing;query subsystem;relational data;storage subsystem;distributed databases;groupware;query processing;relational databases;}, 
doi={10.1109/ICDE.2010.5447876}, 
ISSN={},}

@article{pnuts,
  title={{PNUTS: Yahoo!'s hosted data serving platform}},
  author={Cooper, B.F. and Ramakrishnan, R. and Srivastava, U. and Silberstein, A. and Bohannon, P. and Jacobsen, H.A. and Puz, N. and Weaver, D. and Yerneni, R.},
  journal={Proceedings of the VLDB Endowment},
  volume={1},
  number={2},
  pages={1277--1288},
  year={2008},
  publisher={VLDB Endowment}
}

@InProceedings{cstore,
  title={{C-store: a column-oriented DBMS}},
  author={Stonebraker, M. and Abadi, D.J. and Batkin, A. and Chen, X. and Cherniack, M. and Ferreira, M. and Lau, E. and Lin, A. and Madden, S. and O'Neil, E. and others},
  booktitle={Proceedings of the VLDB Endowment},
  pages={564},
  year={2005},
}

@InProceedings{hstore,
  title={{H-store: a high-performance, distributed main memory transaction processing system}},
  author={Kallman, R. and Kimura, H. and Natkins, J. and Pavlo, A. and Rasin, A. and Zdonik, S. and Jones, E.P.C. and Madden, S. and Stonebraker, M. and Zhang, Y. and others},
  booktitle={Proceedings of the VLDB Endowment},
  volume={1},
  number={2},
  pages={1496--1499},
  year={2008},
  publisher={VLDB Endowment}
}

@article{gamma,
  title={{The Gamma database machine project}},
  author={DeWitt, D.J. and Ghandeharizadeh, S. and Schneider, D.A. and Bricker, A. and Hsiao, H.I. and Rasmussen, R.},
  journal={IEEE Transactions on Knowledge and Data Engineering},
  pages={44--62},
  year={1990},
  publisher={Published by the IEEE Computer Society}
}

@article{tandem,
  title={{NonStop SQL, a distributed, high-performance, high-reliability implementation of SQL}},
  author={Tandem Database Group},
  journal={Workshop on High Performance Transaction Systems},
  year={1987},
  location={Asilomar, California},
  publisher={Published by the IEEE Computer Society}
}

@article{volcano,
  title={{Volcano—an extensible and parallel query evaluation system}},
  author={Graefe, G.},
  journal={IEEE Transactions on Knowledge and Data Engineering},
  volume={6},
  number={1},
  pages={135},
  year={1994},
  publisher={IEEE Educational Activities Department}
}

@article{teradata,
  title={{1012 Data Base Computer, Concepts and Facilities}},
  author={Teradata},
  journal={Teradata Document C02-0001-05, Teradata Corporation, Los Angles, CA},
  year={1988}
}

@article{bubba2,
  title={{Prototyping Bubba, a highly parallel database system}},
  author={Boral, H. and Alexander, W. and Clay, L. and Copeland, G. and Danforth, S. and Franklin, M. and Hart, B. and Smith, M. and Valduriez, P.},
  journal={IEEE Transactions on Knowledge and Data Engineering},
  volume={2},
  number={1},
  pages={4--24},
  year={1990}
}

@conference{bubba,
  title={{Data placement in Bubba}},
  author={Copeland, G. and Alexander, W. and Boughter, E. and Keller, T.},
  booktitle={Proceedings of the 1988 ACM SIGMOD International Conference on Management of Data},
  pages={99--108},
  year={1988},
  organization={ACM}
}

@article{kossmann2000state,
  title={{The state of the art in distributed query processing}},
  author={Kossmann, D.},
  journal={ACM Computing Surveys (CSUR)},
  volume={32},
  number={4},
  pages={422--469},
  year={2000},
  publisher={ACM}
}

@MISC{facebook,
        AUTHOR    = "Facebook",
        TITLE     = "site",
        HOWPUBLISHED = {\url{http://www.facebook.com}},
        month = "Oct",
        year = "2011",
}

@MISC{vertica:optimizer,
        AUTHOR    = "Vertica",
        TITLE     = "site",
        HOWPUBLISHED = {\url{http://www.vertica.com/2010/04/28/vertica-under-the-hood-the-query-optimizer/}},
        month = "April",
        year = "2010",
}

@MISC{werner,
        AUTHOR    = "Werner Vogels",
        TITLE     = "Eventually Consistent Revisited",
        HOWPUBLISHED = {\url{http://www.allthingsdistributed.com/2008/12/eventually_consistent.html}},
        month = "December",
        year = "2008",
}

@MISC{digg,
        TITLE     = "Digg",
        HOWPUBLISHED = "{http://digg.com}",
}

@MISC{memcached,
        AUTHOR = "Brad Fitzpatrick",
        TITLE     = "Memcached",
        HOWPUBLISHED       = {\url{http://memcached.org}},
    month = {October},
    year = 2011,
}

@MISC{django,
        author = "Django",
        TITLE     = "Site",
        HOWPUBLISHED = {\url{http://www.djangoproject.com}},
        month = {October},
        year = 2011
}

@MISC{postgres,
        AUTHOR = "{PostgreSQL}",
        TITLE     = "{PostgreSQL}",
        HOWPUBLISHED = {\url{http://www.postgresql.org/}},
    month = {October},
    year = 2011,
}

@MISC{mysql,
        TITLE     = "{MySQL}",
        HOWPUBLISHED = {\url{http://www.mysql.com/}},
    month = {October},
    year = 2011,
}

@MISC{bib:rubyonrails,
	TITLE     = "{Ruby on Rails}",
        HOWPUBLISHED = {\url{http://rubyonrails.org/}},
    month = {October},
    year = 2011,
}

@MISC{pinax,
    author = "James Tauber",
	TITLE     = "{Pinax}",
        HOWPUBLISHED = {\url{http://www.pinaxproject.com/}},
    Month = {October},
    year = 2011,
}

@MISC{jsqlparser,
    author = "{JSQLParser}",
	TITLE     = "{JSQLParser}",
        HOWPUBLISHED       = {\url{http://jsqlparser.sourceforge.net/}},
    month = {October},
    year = 2011,
}

@MISC{hsql,
    Author = "{HSQLDB}",
	TITLE     = "{HSQLDB}",
    HOWPUBLISHED = {\url{http://hsqldb.org/}},
    month = {October},
    year = 2011
}

@MISC{voldemort,
	TITLE     = "{Project Voldemort}",
	AUTHOR     = "{Project Voldemort}",
    HOWPUBLISHED = {\url{http://project-voldemort.com/}},
    month = {October},
    year = 2010,

}

@MISC{mongodb,
	TITLE     = "{MongoDB}",
    AUTHOR = "{MongoDB}",
    HOWPUBLISHED = {\url{http://mongodb.org/}},
    month = {October},
    year = 2010,
}

@MISC{linkedin,
    TITLE = {{Scaling linkedin}},
    AUTHOR = {James Hamilton},
    HOWPUBLISHED = {\url{http://perspectives.mvdirona.com/2008/06/08/ScalingLinkedIn.aspx}},
}

@MISC{drupal,
    TITLE = {{Drupal}},
    AUTHOR = {{Drupal}},
    HOWPUBLISHED = {\url{http://drupal.org}},
    month = {October},
    year = 2010,
}

@MISC{vertica,
    TITLE = {{Vertica}},
    AUTHOR = {{Vertica}},
    HOWPUBLISHED = {\url{http://vertica.com}},
    month = {October},
    year = 2011,
}

@MISC{simpledb,
    AUTHOR = "Amazon",
    TITLE = {{Amazon Simple Database}},
    HOWPUBLISHED = {\url{http://aws.amazon.com/simpledb}},
    month = {October},
    year = 2011,
}

@MISC{ec2,
    AUTHOR = "Amazon",
    TITLE = {{Amazon Elastic Compute Cloud}},
    HOWPUBLISHED = {\url{http://aws.amazon.com/simpledb}},
    month = {October},
    year = 2011,
}

@MISC{cakephp,
    TITLE = {{CakePHP}},
    HOWPUBLISHED = {\url{http://cakephp.org}},
    month = {October},
    year = 2010,
}

@MISC{ruby,
    TITLE = {{Ruby on Rails}},
    HOWPUBLISHED = {\url{http://rubyonrails.org}},
    month = {October},
    year = 2010,

}

@MISC{pligg,
    TITLE = {{Pligg CMS}},
    HOWPUBLISHED = {\url{http://pligg.com}},
    month = {October},
    year = 2010,
}

@MISC{facebooktalk,
  author = {Amin Vahdat},
  howpublished = {\url{http://idleprocess.wordpress.com/2009/11/24/presentation-summary-high-performance-at-massive-scale-lessons-learned-at-facebook/}},
  month = {November},
  year = 2009
}


@MISC{djangomyisam,
    AUTHOR = "Django",
    TITLE = "{Django 1.2 Databases Documentation}",
    HOWPUBLISHED = {\url{http://docs.djangoproject.com/en/1.2/ref/databases/storage-engines}},
        month = {October},
        year = 2010
}

@article{cassandra,
  title={{Cassandra: structured storage system on a P2P network}},
  author={Lakshman, A. and Malik, P.},
  journal={Proceedings of the 28th ACM Symposium on Principles of Distributed Computing},
  pages={5},
  year={2009},
  organization={ACM},
}

@article{schism,
  title={{Schism: a Workload-Driven Approach to Database Replication and Partitioning}},
  author={Curino, C. and Jones, E. and Zhang, Y. and Madden, S.},
  journal={Proceedings of the VLDB Endowment},
  volume={3},
  number={1},
  year={2010}
}

@article{holloway,
  title={{Read-optimized databases, in depth}},
  author={Holloway, A.L. and DeWitt, D.J.},
  journal={Proceedings of the VLDB Endowment},
  volume={1},
  number={1},
  pages={502--513},
  year={2008},
  publisher={VLDB Endowment}
}

@article{sharednothing,
  title={{The case for shared nothing}},
  author={Stonebraker, M.},
  journal={Database Engineering Bulletin},
  volume={9},
  number={1},
  pages={4--9},
  year={1986},
  publisher={Citeseer}
}

@InProceedings{bigtable,
  title={{Bigtable: A distributed storage system for structured data}},
  author={Chang, F. and Dean, J. and Ghemawat, S. and Hsieh, W.C. and Wallach, D.A. and Burrows, M. and Chandra, T. and Fikes, A. and Gruber, R.E.},
  crossref = {OSDI06},
}

@inproceedings{bib:facebookappstudy,
	author = {Nazir, Atif and Raza, Saqib and Chuah, Chen-Nee},
	title = {{Unveiling Facebook: A Measurement Study of Social Network Based Applications}},
	booktitle = {IMC '08: Proceedings of the 8th ACM SIGCOMM conference on Internet Measurement},
	year = {2008},
	isbn = {978-1-60558-334-1},
	pages = {43--56},
	location = {Vouliagmeni, Greece},
	doi = {http://doi.acm.org/10.1145/1452520.1452527},
	publisher = {ACM},
	address = {New York, NY, USA},
}

@article{finkelstein,
  title={{Physical database design for relational databases}},
  author={Finkelstein, S. and Schkolnick, M. and Tiberio, P.},
  journal={ACM Transactions on Database Systems (TODS)},
  volume={13},
  number={1},
  pages={128},
  year={1988},
  publisher={ACM}
}

@article{maggie,
 author = {Ip, M. Y. L. and Saxton, L. V. and Raghavan, V. V.},
 title = {On the Selection of an Optimal Set of Indexes},
 journal = {IEEE Trans. Softw. Eng.},
 volume = {9},
 number = {2},
 year = {1983},
 issn = {0098-5589},
 pages = {135--143},
 doi = {http://dx.doi.org/10.1109/TSE.1983.236458},
 publisher = {IEEE Press},
 address = {Piscataway, NJ, USA},
 }

@conference{dingres,
  title={{Distributed query processing in a relational data base system}},
  author={Epstein, R. and Stonebraker, M. and Wong, E.},
  booktitle={Proceedings of the 1978 ACM SIGMOD International Conference on Management of Data},
  pages={180},
  year={1978},
  organization={ACM}
}

@conference{rstarbook,
  title={{R* optimizer validation and performance evaluation for distributed queries}},
  author={Mackert, L.F. and others},
  booktitle={Readings in database systems},
  pages={219--229},
  year={1988},
  organization={Morgan Kaufmann Publishers Inc.}
}

@conference{rstar,
  title={{R* optimizer validation and performance evaluation for distributed queries}},
  author={Mackert, L.F. and Lohman, G.M.},
  booktitle={Proceedings of the Conference on Very Large Data Bases (VLDB)},
  pages={149--159},
  year={1986},
  organization={ACM}
}

% or page here, talk?  http://cns.ucsd.edu/lecturearchive09.shtml#Roth
